<?xml version='1.0' encoding='utf-8'?>
<record xmlns="http://www.loc.gov/MARC21/slim" xmlns:xsi="http://www.w3.org/2001/XMLSchema-instance">
  <leader>^^^^^npcaa22002651a^4500</leader>
  <controlfield tag="001">002745474</controlfield>
  <controlfield tag="005">19950608000000.0</controlfield>
  <controlfield tag="008">941010i19161922miu^^^^^|^^^^^^^^^^^eng^|</controlfield>
  <datafield tag="035" ind1=" " ind2=" ">
    <subfield code="a">(RLIN)MIUV89-A68</subfield>
  </datafield>
  <datafield tag="035" ind1=" " ind2=" ">
    <subfield code="a">(OCoLC)ocm34418918</subfield>
  </datafield>
  <datafield tag="040" ind1=" " ind2=" ">
    <subfield code="a">MiU-H</subfield>
    <subfield code="c">MiU-H</subfield>
    <subfield code="e">appm</subfield>
  </datafield>
  <datafield tag="100" ind1="1" ind2=" ">
    <subfield code="a">Olmsted, Frederick Law,</subfield>
    <subfield code="d">1870-1957.</subfield>
  </datafield>
  <datafield tag="245" ind1="0" ind2="0">
    <subfield code="a">Frederick Law Olmsted reports,</subfield>
    <subfield code="f">1916 and 1922.</subfield>
  </datafield>
  <datafield tag="300" ind1=" " ind2=" ">
    <subfield code="a">3 items.</subfield>
  </datafield>
  <datafield tag="545" ind1=" " ind2=" ">
    <subfield code="a">Landscape architect.</subfield>
  </datafield>
  <datafield tag="520" ind1=" " ind2=" ">
    <subfield code="a">Reports on development of the city of Ann Arbor and the University of Michigan campus by Frederick Law Olmsted and Olmsted Brothers, landscape archictects, entitled "Preliminary report upon the development of the northeast portion of the university property," "Proposed improvements for Ann Arbor, Mich.," and "Supplementary report upon the development of the university property."</subfield>
  </datafield>
  <datafield tag="650" ind1=" " ind2="0">
    <subfield code="a">City planning</subfield>
    <subfield code="z">Michigan</subfield>
    <subfield code="z">Ann Arbor.</subfield>
  </datafield>
  <datafield tag="610" ind1="2" ind2="0">
    <subfield code="a">University of Michigan</subfield>
    <subfield code="x">Campus.</subfield>
  </datafield>
  <datafield tag="610" ind1="2" ind2="0">
    <subfield code="a">University of Michigan</subfield>
    <subfield code="x">Grounds.</subfield>
  </datafield>
  <datafield tag="610" ind1="2" ind2="0">
    <subfield code="a">University of Michigan</subfield>
    <subfield code="x">Planning.</subfield>
  </datafield>
  <datafield tag="710" ind1="2" ind2=" ">
    <subfield code="a">Olmsted Brothers.</subfield>
  </datafield>
  <datafield tag="852" ind1="8" ind2=" ">
    <subfield code="a">MiU-H</subfield>
    <subfield code="b">BENT</subfield>
    <subfield code="h">8968 Aa 1</subfield>
  </datafield>
  <datafield tag="998" ind1=" " ind2=" ">
    <subfield code="s">9554</subfield>
  </datafield>
  <datafield tag="955" ind1=" " ind2=" ">
    <subfield code="b">BENT</subfield>
    <subfield code="p">B1060541</subfield>
  </datafield>
</record>
